%% This BibTeX bibliography file was created using BibDesk.
%% https://bibdesk.sourceforge.io/

%% Created for Chris at 2020-05-26 11:36:19 -0400 


%% Saved with string encoding Unicode (UTF-8) 



@article{chetlur2014cudnn,
	Author = {Chetlur, Sharan and Woolley, Cliff and Vandermersch, Philippe and Cohen, Jonathan and Tran, John and Catanzaro, Bryan and Shelhamer, Evan},
	Date-Added = {2020-05-26 11:35:54 -0400},
	Date-Modified = {2020-05-26 11:35:54 -0400},
	Journal = {arXiv preprint arXiv:1410.0759},
	Title = {cudnn: Efficient primitives for deep learning},
	Year = {2014}}
